@online{UNHRC,
    title={The promotion, protection and enjoyment of humand rights on
        the Internet},
    url={https://www.article19.org/data/files/Internet_Statement_Adopted.pdf},
    year={2016},
    month={6},
    author={Human Rights Council},
    organization={United Nations},
    urldate={2018-04-11}
}
@online{OPENTSDB,
    title={OpenTSDB Projektwebseite},
    url={http://opentsdb.net/},
    urldate={2018-07-27}
}
@online{INFLUXDB,
    title={InfluxDB Projektwebseite},
    url={https://www.influxdata.com},
    urldate={2018-07-27}
}
@online{CNCF,
    title={Cloud Native Computing Foundation},
    url={https://www.cncf.io},
    urldate={2018-07-31}
}
@online{JINJA2,
    title={Jinja2 Projektwebseite},
    url={http://jinja.pocoo.org/},
    urldate={2018-08-18}
}
@online{YAML_WIKI,
    title={YAML in der deutschen Wikipedia},
    url={https://de.wikipedia.org/wiki/YAML},
    urldate={2018-08-18}
}
@online{INFOWORLD,
    title={Go Cloud aims to cement Golang in the cloud},
    url={https://www.infoworld.com/article/3293417/development-tools/go-cloud-aims-to-cement-golang-in-the-cloud.html},
    author={Paul Krill},
    publisher={InfoWorld},
    date={2018-07-27},
    urldate={2018-07-31}
}
@online{ANSIBLE_ORIGINS,
    title={The Origins of Ansible},
    url={https://www.ansible.com/blog/2013/12/08/the-origins-of-ansible},
    author={Michael DeHaan},
    date={2013-12-08},
    urldate={2018-08-12}
}
@online{ANSIBLEWORKS,
    title={Introducing AnsibleWorks},
    url={https://www.ansible.com/blog/2013/03/04/introducing-ansibleworks},
    author={Michael DeHaan},
    date={2013-03-04},
    urldate={2018-08-12}
}
@online{ANSIBLEREDHAT,
    title={Red Hat to Acquire IT Automation and DevOps Leader Ansible},
    url={https://www.redhat.com/en/about/press-releases/red-hat-acquire-it-automation-and-devops-leader-ansible},
    date={2015-10-16},
    urldate={2018-08-12}
}
@online{GRAFANA,
    title={Grafana Projektwebseite},
    url={https://grafana.com/},
    urldate={2018-08-03}
}
@online{PROMETHEUS,
    title={Prometheus Projektwebseite},
    url={https://prometheus.io/},
    urldate={2018-07-27}
}
@online{PROMETHEUS_PROMQL,
    title={Prometheus Querying Language},
    url={https://prometheus.io/docs/prometheus/latest/querying/basics/},
    urldate={2018-08-01}
}
@online{PROMETHEUS_PROMQL_FUNCTIONS,
    title={Prometheus PromQL Functions Overview},
    url={https://prometheus.io/docs/prometheus/latest/querying/functions/},
    urldate={2018-08-03}
}
@online{PROMETHEUS_OVERVIEW,
    title={Prometheus Übersicht},
    url={https://prometheus.io/docs/introduction/overview/},
    urldate={2018-07-31}
}
@online{PROMETHEUS_STORAGE,
    title={Prometheus Storage Layout},
    url={https://prometheus.io/docs/prometheus/latest/storage/},
    urldate={2018-07-27}
}
@online{PROMETHEUS_YOUTUBE,
    title={Monitoring, the Prometheus Way},
    date={2017-05-08},
    organization={Youtube},
    author={Julius Volz},
    url={https://www.youtube.com/watch?v=PDxcEzu62jk},
    publisher={DockerCon 2017},
    urldate={2018-07-31}
}
@online{PROMETHEUS_DATA_MODEL,
    title={Prometheus Data Model Layout},
    url={https://prometheus.io/docs/concepts/data_model/},
    urldate={2018-07-27}
}
@online{PROMETHEUS_COMPARISON,
    title={Prometheus compared to other solutions},
    url={https://prometheus.io/docs/introduction/comparison/},
    urldate={2018-07-27}
}
@online{JITTERWIKI,
    title={Begriffserklärung von Jitter in der Wikipedia},
    url={https://de.wikipedia.org/wiki/Jitter},
    urldate={2018-04-14}
}
@online{NEWTLDLIST,
    title={Liste aller Internet Top-Level Domains in der Wikipedia},
    url={https://en.wikipedia.org/wiki/List_of_Internet_top-level_domains},
    urldate={2018-05-10}
}
@online{DNSWIKI,
    title={Begriffserklärung von DNS in der Wikipedia},
    url={https://de.wikipedia.org/wiki/Domain_Name_System},
    urldate={2018-05-05}
}
@online{REGEXWIKI,
    title={Begriffserklärung von Regulären Ausdrücken in der Wikipedia},
    url={https://de.wikipedia.org/wiki/Regul%C3%A4rer_Ausdruck},
    urldate={2018-08-03}
}
@online{RE2,
    title={RE2 Projektwebsite},
    url={https://github.com/google/re2},
    urldate={2018-08-03}
}
@online{ROOTNAMESERVER,
    title={Status Website der DNS Root Name Server},
    url={http://root-servers.org/},
    urldate={2018-05-11}
}
@online{SMBWIKI,
    title={Begriffserklärung von SMB in der Wikipedia},
    url={https://de.wikipedia.org/wiki/Server_Message_Block},
    urldate={2018-05-26}
}
@online{PRIVATEKEYSSTOLEN,
    title={23,000 HTTPS certs will be axed in next 24 hours after
        private keys leak},
    url={https://www.theregister.co.uk/2018/03/01/trustico_digicert_symantec_spat/},
    urldate={2018-05-13}
}
@online{TLS,
    title={Transport Layer Security (TLS)},
    url={https://hpbn.co/transport-layer-security-tls/},
    publisher={O'Reilly Media},
    urldate={2018-05-13}
}
@book{BPSE,
    title={Best Practice Software-Engineering: Eine praxiserprobte
        Zusammenstellung von komponentenorientierten Konzepten, Methoden
            und Werkzeugen},
    url={https://books.google.de/books?id=M90jBAAAQBAJ},
    year={2010},
    month={1},
    day={28},
    author={Alexander Schatten and Stefan Biffl and Markus Demolsky and Erik
        Gostischa-Franta and Thomas Östreicher and Dietmar Winkler},
    urldate={2018-04-21},
    publisher={Spektrum Akademischer Verlag},
    isbn={978-3-8274-2487-7}
}
@book{SNFA,
    title={Planguage – Spezifikation nichtfunktionaler Anforderungen},
    url={https://link.springer.com/article/10.1007\%2Fs00287-010-0435-5},
    year={2010},
    month={4},
    day={9},
    author={Torsten Emmanuel},
    journal={Informatik Spektrum},
    volume={33},
    organization={Gesellschaft für Informatik e.V.},
    urldate={2018-04-21},
    publisher={Springer Verlag}
}
@techreport{RFC2119,
    author = {Scott Bradner},
    title = {Key words for use in RFCs to Indicate Requirement Levels},
    howpublished = {Internet Requests for Comments},
    type = {BCP},
    number = {14},
    year = {1997},
    month = {3},
    issn = {2070-1721},
    publisher = {RFC Editor},
    institution = {RFC Editor},
    url = {http://www.rfc-editor.org/rfc/rfc2119.txt},
    urldate= {2018-04-22},
    note = {\url{http://www.rfc-editor.org/rfc/rfc2119.txt}},
}
@online{RFC2119DE,
    title = {Schlüsselwörter zum Kennzeichnen von Anforderungen},
    author = {Jean-Louis Fuchs},
    year = {2018},
    month = {4},
    day = {20},
    organization = {Adfinis SyGroup AG},
    url = {https://github.com/adfinis-sygroup/2119/blob/master/2119de.rst},
    urldate = {2018-04-23}
}
@techreport{RFC0882,
  author = {P. Mockapetris},
  title = {Domain names: Concepts and facilities},
  howpublished = {Internet Requests for Comments},
  type = {RFC},
  number = {882},
  year = {1983},
  month = {11},
  issn = {2070-1721},
  publisher = {RFC Editor},
  institution = {RFC Editor},
  url = {http://www.rfc-editor.org/rfc/rfc882.txt},
  urldate={2018-05-05},
  note = {\url{http://www.rfc-editor.org/rfc/rfc882.txt}}
}
@techreport{RFC0883,
  author = {P. Mockapetris},
  title = {Domain names: Implementation specification},
  howpublished = {Internet Requests for Comments},
  type = {RFC},
  number = {883},
  year = {1983},
  month = {11},
  issn = {2070-1721},
  publisher = {RFC Editor},
  institution = {RFC Editor},
  url = {https://www.rfc-editor.org/rfc/rfc883.txt},
  urldate={2018-05-05},
  note = {\url{https://www.rfc-editor.org/rfc/rfc883.txt}}
}
@techreport{RFC1034,
  author = {P. Mockapetris},
  title = {Domain names - concepts and facilities},
  howpublished = {Internet Requests for Comments},
  type = {STD},
  number = {13},
  year = {1987},
  month = {11},
  issn = {2070-1721},
  publisher = {RFC Editor},
  institution = {RFC Editor},
  url = {http://www.rfc-editor.org/rfc/rfc1034.txt},
  urldate={2018-05-05},
  note = {\url{http://www.rfc-editor.org/rfc/rfc1034.txt}}
}
@techreport{RFC1035,
  author = {P. Mockapetris},
  title = {Domain names - implementation and specification},
  howpublished = {Internet Requests for Comments},
  type = {STD},
  number = {13},
  year = {1987},
  month = {11},
  issn = {2070-1721},
  publisher = {RFC Editor},
  institution = {RFC Editor},
  url = {http://www.rfc-editor.org/rfc/rfc1035.txt},
  urldate={2018-05-05},
  note = {\url{http://www.rfc-editor.org/rfc/rfc1035.txt}}
}
@techreport{RFC1945,
  author = {Tim Berners-Lee and Roy T. Fielding and Henrik Frystyk Nielsen},
  title = {Hypertext Transfer Protocol -- HTTP/1.0},
  howpublished = {Internet Requests for Comments},
  type = {RFC},
  number = {1945},
  year = {1996},
  month = {5},
  issn = {2070-1721},
  publisher = {RFC Editor},
  institution = {RFC Editor},
  url = {http://www.rfc-editor.org/rfc/rfc1945.txt},
  urldate={2018-05-11},
  note = {\url{http://www.rfc-editor.org/rfc/rfc1945.txt}},
}
@techreport{RFC7540,
  author = {M. Belshe and R. Peon and M. Thomson},
  title = {Hypertext Transfer Protocol Version 2 (HTTP/2)},
  howpublished = {Internet Requests for Comments},
  type = {RFC},
  number = {7540},
  year = {2015},
  month = {5},
  issn = {2070-1721},
  publisher = {RFC Editor},
  institution = {RFC Editor},
  url = {http://www.rfc-editor.org/rfc/rfc7540.txt},
  urldate={2018-05-11},
  note = {\url{http://www.rfc-editor.org/rfc/rfc7540.txt}},
}
@techreport{RFC2616,
  author = {Roy T. Fielding and James Gettys and Jeffrey C. Mogul and Henrik Frystyk Nielsen and Larry Masinter and Paul J. Leach and Tim Berners-Lee},
  title = {Hypertext Transfer Protocol -- HTTP/1.1},
  howpublished = {Internet Requests for Comments},
  type = {RFC},
  number = {2616},
  year = {1999},
  month = {6},
  issn = {2070-1721},
  publisher = {RFC Editor},
  institution = {RFC Editor},
  url = {http://www.rfc-editor.org/rfc/rfc2616.txt},
  urldate={2018-05-12},
  note = {\url{http://www.rfc-editor.org/rfc/rfc2616.txt}},
}
@techreport{RFC2818,
  author = {E. Rescorla},
  title = {HTTP Over TLS},
  howpublished = {Internet Requests for Comments},
  type = {RFC},
  number = {2818},
  year = {2000},
  month = {5},
  issn = {2070-1721},
  publisher = {RFC Editor},
  institution = {RFC Editor},
  url = {http://www.rfc-editor.org/rfc/rfc2818.txt},
  urldate={2018-05-13},
  note = {\url{http://www.rfc-editor.org/rfc/rfc2818.txt}},
}
@manual{MSSMB,
    title = {Server Message Block (SMB) Protocol},
    organization={Microsoft Corporation},
    number={47.0},
    year={2017},
    month={12},
    day={1},
    url={https://winprotocoldoc.blob.core.windows.net/productionwindowsarchives/MS-SMB2/[MS-SMB2].pdf},
    urldate={2018-05-26}
}
@manual{ITUOSI,
    title={Open Systems Interconnection – Basic Reference Model: The basic model},
    organization={International Telecommunication Union (ITU)},
    number={ISO/IEC 7498-1:1994},
    year={1994},
    month={7},
    day={1},
    url={http://handle.itu.int/11.1002/1000/2820},
    urldate={2018-06-02}
}
@techreport{RFC7858,
  author = {Z. Hu and L. Zhu and J. Heidemann and A. Mankin and D. Wessels and P. Hoffman},
  title = {Specification for DNS over Transport Layer Security (TLS)},
  howpublished = {Internet Requests for Comments},
  type = {RFC},
  number = {7858},
  year = {2016},
  month = {5},
  issn = {2070-1721},
  publisher = {RFC Editor},
  institution = {RFC Editor},
  urldate={2018-07-19}
}
@book{DOHERTY,
  title={The Economic Value of Rapid Response Time},
  author={International Business Machines Corporation},
  url={https://jlelliotton.blogspot.com/p/the-economic-value-of-rapid-response.html},
  year={1982},
  publisher={IBM},
  urldate={2018-07-20}
}
@book{MEIER2013,
  title={Relationale Datenbanken: Eine Einf{\"u}hrung f{\"u}r die Praxis},
  author={Andreas Meier},
  isbn={9783662097410},
  url={https://books.google.de/books?id=DIOeBwAAQBAJ},
  year={2013},
  publisher={Springer Berlin Heidelberg},
  urldate={2018-07-22}

}
@book{TSDB,
    title={Time Series Databases: New Ways to Store and Access Data},
    author={Ted Dunning and Ellen Friedman},
    isbn={9781491917022},
    year={2014},
    month={9},
    day={24},
    publisher={OReilly}
}
@online{NOSQL,
    title={NoSQL – Death to Relational Databases(?)},
    author={Ben Scofield},
    url={https://www.slideshare.net/bscofield/nosql-codemash-2010},
    year={2010},
    month={1},
    day={15},
    urldate={2018-07-22},
}
